<record><leader>00000cas a22000007a 4500</leader><controlfield tag="001">38255440</controlfield><controlfield tag="008">980123c19979999ncuwr ne      0    0eng d</controlfield><datafield ind1=" " ind2=" " tag="010"><subfield code="a">sn 97064592 </subfield></datafield><datafield ind1=" " ind2=" " tag="040"><subfield code="a">WIH</subfield><subfield code="b">eng</subfield><subfield code="c">WIH</subfield><subfield code="d">NVJ</subfield><subfield code="d">OCL</subfield><subfield code="d">OCLCQ</subfield><subfield code="d">OCLCF</subfield><subfield code="d">OCLCO</subfield></datafield><datafield ind1="1" ind2=" " tag="029"><subfield code="a">AU@</subfield><subfield code="b">000013765541</subfield></datafield><datafield ind1=" " ind2=" " tag="037"><subfield code="b">The County News, 505 S. Center St., PO Box 407, Statesville, NC 28687</subfield></datafield><datafield ind1=" " ind2=" " tag="042"><subfield code="a">msc</subfield></datafield><datafield ind1=" " ind2=" " tag="043"><subfield code="a">n-us-nc</subfield></datafield><datafield ind1="0" ind2=" " tag="130"><subfield code="a">County news (Statesville, N.C.)</subfield></datafield><datafield ind1="1" ind2="4" tag="245"><subfield code="a">The county news.</subfield></datafield><datafield ind1=" " ind2=" " tag="260"><subfield code="a">Statesville, N.C. :</subfield><subfield code="b">M. McCullough,</subfield><subfield code="c">1997-</subfield></datafield><datafield ind1=" " ind2=" " tag="300"><subfield code="a">v. :</subfield><subfield code="b">ill. ;</subfield><subfield code="c">58 cm.</subfield></datafield><datafield ind1=" " ind2=" " tag="310"><subfield code="a">Weekly</subfield></datafield><datafield ind1="0" ind2=" " tag="362"><subfield code="a">Vol. 17, no. 6 (Nov. 26, 1997)-</subfield></datafield><datafield ind1=" " ind2="0" tag="650"><subfield code="a">African Americans</subfield><subfield code="z">North Carolina</subfield><subfield code="z">Iredell County</subfield><subfield code="v">Newspapers.</subfield></datafield><datafield ind1=" " ind2="0" tag="650"><subfield code="a">African Americans</subfield><subfield code="z">North Carolina</subfield><subfield code="z">Alexander County</subfield><subfield code="v">Newspapers.</subfield></datafield><datafield ind1=" " ind2="0" tag="650"><subfield code="a">African Americans</subfield><subfield code="z">North Carolina</subfield><subfield code="z">Cabarrus County</subfield><subfield code="v">Newspapers.</subfield></datafield><datafield ind1=" " ind2="0" tag="650"><subfield code="a">African Americans</subfield><subfield code="z">North Carolina</subfield><subfield code="z">Catawba County</subfield><subfield code="v">Newspapers.</subfield></datafield><datafield ind1=" " ind2="0" tag="650"><subfield code="a">African Americans</subfield><subfield code="z">North Carolina</subfield><subfield code="z">Davie County</subfield><subfield code="v">Newspapers.</subfield></datafield><datafield ind1=" " ind2="0" tag="650"><subfield code="a">African Americans</subfield><subfield code="z">North Carolina</subfield><subfield code="z">Rowan County</subfield><subfield code="v">Newspapers.</subfield></datafield><datafield ind1=" " ind2="0" tag="651"><subfield code="a">Piedmont (U.S. : Region)</subfield><subfield code="v">Newspapers.</subfield></datafield><datafield ind1=" " ind2="7" tag="655"><subfield code="a">Newspapers.</subfield><subfield code="2">fast</subfield><subfield code="0">(OCoLC)fst01423814</subfield></datafield><datafield ind1=" " ind2="7" tag="650"><subfield code="a">African Americans.</subfield><subfield code="2">fast</subfield><subfield code="0">(OCoLC)fst00799558</subfield></datafield><datafield ind1=" " ind2="7" tag="651"><subfield code="a">North Carolina</subfield><subfield code="z">Alexander County.</subfield><subfield code="2">fast</subfield><subfield code="0">(OCoLC)fst01218117</subfield></datafield><datafield ind1=" " ind2="7" tag="651"><subfield code="a">North Carolina</subfield><subfield code="z">Cabarrus County.</subfield><subfield code="2">fast</subfield><subfield code="0">(OCoLC)fst01218236</subfield></datafield><datafield ind1=" " ind2="7" tag="651"><subfield code="a">North Carolina</subfield><subfield code="z">Catawba County.</subfield><subfield code="2">fast</subfield><subfield code="0">(OCoLC)fst01218044</subfield></datafield><datafield ind1=" " ind2="7" tag="651"><subfield code="a">North Carolina</subfield><subfield code="z">Davie County.</subfield><subfield code="2">fast</subfield><subfield code="0">(OCoLC)fst01218234</subfield></datafield><datafield ind1=" " ind2="7" tag="651"><subfield code="a">North Carolina</subfield><subfield code="z">Iredell County.</subfield><subfield code="2">fast</subfield><subfield code="0">(OCoLC)fst01204548</subfield></datafield><datafield ind1=" " ind2="7" tag="651"><subfield code="a">North Carolina</subfield><subfield code="z">Rowan County.</subfield><subfield code="2">fast</subfield><subfield code="0">(OCoLC)fst01205498</subfield></datafield><datafield ind1=" " ind2="7" tag="651"><subfield code="a">United States</subfield><subfield code="z">Piedmont Region.</subfield><subfield code="2">fast</subfield><subfield code="0">(OCoLC)fst01333926</subfield></datafield><datafield ind1=" " ind2=" " tag="752"><subfield code="a">United States</subfield><subfield code="b">North Carolina</subfield><subfield code="c">Iredell</subfield><subfield code="d">Statesville.</subfield></datafield><datafield ind1="0" ind2="0" tag="780"><subfield code="t">Iredell County news</subfield><subfield code="w">(DLC)sn 89080097</subfield><subfield code="w">(OCoLC)24123714</subfield></datafield></record>